@article{duan2023disentangling,
  title={Disentangling the cultural evolution of ancient China: a digital humanities perspective},
  author={Duan, Siyu and Wang, Jun and Yang, Hao and Su, Qi},
  journal={Humanities and Social Sciences Communications},
  volume={10},
  number={1},
  pages={1--15},
  year={2023},
  publisher={Palgrave}
}

@inproceedings{tzogka2021ocr,
  title={OCR Workflow: Facing Printed Texts of Ancient, Medieval and Modern Greek Literature.},
  author={Tzogka, Christina and Koidaki, Fotini and Doropoulos, Stavros and Papastergiou, Ioannis and Agrafiotis, Efthymios and Tiktopoulou, Katerina and Vologiannidis, Stavros},
  booktitle={Qurator},
  year={2021}
}

@book{bailey2007gender,
  title={Gender and education in China: Gender discourses and women's schooling in the early twentieth century},
  author={Bailey, Paul J},
  year={2007},
  publisher={Routledge}
}

@article{luscombe2020tesseract,
  title={Access to Information and Optical Charac-ter Recognition (OCR): A Step-by-Step Guide to Tesseract},
  author={Luscombe, Alex and Dick, Kevin and Duncan, Jamie and Walby, Kevin},
  journal={Part One of the CAIJ Computer Literacy Series, June},
  number={3},
  year={2020}
}

@article{li2011changing,
  title={The changing discursive construction of women in Chinese popular discourse since the twentieth century},
  author={Li, Jinfeng},
  journal={Journal of Asian Pacific Communication},
  volume={21},
  number={2},
  pages={238--266},
  year={2011},
  publisher={John Benjamins}
}

@article{hershatter2004state,
  title={State of the field: Women in China's long twentieth century},
  author={Hershatter, Gail},
  journal={The Journal of Asian Studies},
  volume={63},
  number={4},
  pages={991--1065},
  year={2004},
  publisher={Cambridge University Press}
}

@article{nivard1984women,
  title={Women and the women’s press: The case of the ladies’ journal (Fun{\"u} Zazhi) 1915-1931},
  author={Nivard, Jacqueline},
  journal={Republican China},
  volume={10},
  number={1},
  pages={37--55},
  year={1984},
  publisher={Taylor \& Francis}
}

@misc{fnzz,
  title = {Introduction to the catalog database of Funü Zazhi},
  howpublished = {\url{https://mhdb.mh.sinica.edu.tw/fnzz/}},
  note = {Accessed: 2024-05-03},
}

@misc{fnzzpages,
  title = {Introduction to the catalog database of Funü Zazhi},
  howpublished = {\url{https://mhdb.mh.sinica.edu.tw/fnzz/view.php}},
  note = {Accessed: 2024-05-03},
}

@misc{paddle,
  title = {PaddleOCR},
  howpublished = {\url{https://github.com/PaddlePaddle/PaddleOCR}},
  note = {Accessed: 2024-05-06},
}

@misc{easyocr,
  title = {EasyOCR},
  howpublished = {\url{https://github.com/JaidedAI/EasyOCR}},
  note = {Accessed: 2024-05-06},
}

@misc{preview,
  title = {Preview User Guide},
  howpublished = {\url{https://support.apple.com/en-gb/guide/preview/welcome/mac}},
  note = {Accessed: 2024-05-06},
}

@misc{gitlab,
  title = {MSc Individual Project},
  howpublished = {\url{https://gitlab.doc.ic.ac.uk/ms423/msc-individual-project}},
  note = {Accessed: 2024-05-06},
}

@misc{ethics,
  title = {Legal, Social, Ethical and Professional Requirements},
  howpublished = {\url{https://imperialcollege.atlassian.net/wiki/spaces/docteaching/pages/152420345/Legal+Social+Ethical+and+Professional+Requirements}},
  note = {Accessed: 2024-05-16},
}

@inproceedings{liao2017textboxes,
  title={Textboxes: A fast text detector with a single deep neural network},
  author={Liao, Minghui and Shi, Baoguang and Bai, Xiang and Wang, Xinggang and Liu, Wenyu},
  booktitle={Proceedings of the AAAI conference on artificial intelligence},
  volume={31},
  number={1},
  year={2017}
}

@inproceedings{liu2016ssd,
  title={Ssd: Single shot multibox detector},
  author={Liu, Wei and Anguelov, Dragomir and Erhan, Dumitru and Szegedy, Christian and Reed, Scott and Fu, Cheng-Yang and Berg, Alexander C},
  booktitle={Computer Vision--ECCV 2016: 14th European Conference, Amsterdam, The Netherlands, October 11--14, 2016, Proceedings, Part I 14},
  pages={21--37},
  year={2016},
  organization={Springer}
}

@inproceedings{tian2016ctpn,
  title={Detecting text in natural image with connectionist text proposal network},
  author={Tian, Zhi and Huang, Weilin and He, Tong and He, Pan and Qiao, Yu},
  booktitle={Computer Vision--ECCV 2016: 14th European Conference, Amsterdam, The Netherlands, October 11-14, 2016, Proceedings, Part VIII 14},
  pages={56--72},
  year={2016},
  organization={Springer}
}

@inproceedings{girshick2015fastrcnn,
  title={Fast r-cnn},
  author={Girshick, Ross},
  booktitle={Proceedings of the IEEE international conference on computer vision},
  pages={1440--1448},
  year={2015}
}

@article{liao2018textboxes++,
  title={Textboxes++: A single-shot oriented scene text detector},
  author={Liao, Minghui and Shi, Baoguang and Bai, Xiang},
  journal={IEEE transactions on image processing},
  volume={27},
  number={8},
  pages={3676--3690},
  year={2018},
  publisher={IEEE}
}

@inproceedings{zhou2017east,
  title={East: an efficient and accurate scene text detector},
  author={Zhou, Xinyu and Yao, Cong and Wen, He and Wang, Yuzhi and Zhou, Shuchang and He, Weiran and Liang, Jiajun},
  booktitle={Proceedings of the IEEE conference on Computer Vision and Pattern Recognition},
  pages={5551--5560},
  year={2017}
}

@inproceedings{he2021most,
  title={MOST: A multi-oriented scene text detector with localization refinement},
  author={He, Minghang and Liao, Minghui and Yang, Zhibo and Zhong, Humen and Tang, Jun and Cheng, Wenqing and Yao, Cong and Wang, Yongpan and Bai, Xiang},
  booktitle={Proceedings of the IEEE/CVF conference on computer vision and pattern recognition},
  pages={8813--8822},
  year={2021}
}

@inproceedings{deng2018pixellink,
  title={Pixellink: Detecting scene text via instance segmentation},
  author={Deng, Dan and Liu, Haifeng and Li, Xuelong and Cai, Deng},
  booktitle={Proceedings of the AAAI conference on artificial intelligence},
  volume={32},
  number={1},
  year={2018}
}

@inproceedings{wu2017self,
  title={Self-organized text detection with minimal post-processing via border learning},
  author={Wu, Yue and Natarajan, Prem},
  booktitle={proceedings of the IEEE international conference on computer vision},
  pages={5000--5009},
  year={2017}
}

@inproceedings{tian2019learning,
  title={Learning shape-aware embedding for scene text detection},
  author={Tian, Zhuotao and Shu, Michelle and Lyu, Pengyuan and Li, Ruiyu and Zhou, Chao and Shen, Xiaoyong and Jia, Jiaya},
  booktitle={Proceedings of the IEEE/CVF conference on computer vision and pattern recognition},
  pages={4234--4243},
  year={2019}
}

@article{xue2019msr,
  title={MSR: multi-scale shape regression for scene text detection},
  author={Xue, Chuhui and Lu, Shijian and Zhang, Wei},
  journal={arXiv preprint arXiv:1901.02596},
  year={2019}
}

@inproceedings{li2020psenet,
  title={PSENet: Psoriasis severity evaluation network},
  author={Li, Yi and Wu, Zhe and Zhao, Shuang and Wu, Xian and Kuang, Yehong and Yan, Yangtian and Ge, Shen and Wang, Kai and Fan, Wei and Chen, Xiang and others},
  booktitle={Proceedings of the AAAI Conference on Artificial Intelligence},
  volume={34},
  number={01},
  pages={800--807},
  year={2020}
}

@article{tang2019seglink++,
  title={Seglink++: Detecting dense and arbitrary-shaped scene text by instance-aware component grouping},
  author={Tang, Jun and Yang, Zhibo and Wang, Yongpan and Zheng, Qi and Xu, Yongchao and Bai, Xiang},
  journal={Pattern recognition},
  volume={96},
  pages={106954},
  year={2019},
  publisher={Elsevier}
}

@inproceedings{graves2006ctc,
  title={Connectionist temporal classification: labelling unsegmented sequence data with recurrent neural networks},
  author={Graves, Alex and Fern{\'a}ndez, Santiago and Gomez, Faustino and Schmidhuber, J{\"u}rgen},
  booktitle={Proceedings of the 23rd international conference on Machine learning},
  pages={369--376},
  year={2006}
}

@article{sutskever2014encoder,
  title={Sequence to sequence learning with neural networks},
  author={Sutskever, Ilya and Vinyals, Oriol and Le, Quoc V},
  journal={Advances in neural information processing systems},
  volume={27},
  year={2014}
}

@article{graves2008novel,
  title={A novel connectionist system for unconstrained handwriting recognition},
  author={Graves, Alex and Liwicki, Marcus and Fern{\'a}ndez, Santiago and Bertolami, Roman and Bunke, Horst and Schmidhuber, J{\"u}rgen},
  journal={IEEE transactions on pattern analysis and machine intelligence},
  volume={31},
  number={5},
  pages={855--868},
  year={2008},
  publisher={IEEE}
}

@inproceedings{he2016reading,
  title={Reading scene text in deep convolutional sequences},
  author={He, Pan and Huang, Weilin and Qiao, Yu and Loy, Chen and Tang, Xiaoou},
  booktitle={Proceedings of the AAAI conference on artificial intelligence},
  volume={30},
  number={1},
  year={2016}
}

@inproceedings{liu2016star,
  title={Star-net: a spatial attention residue network for scene text recognition.},
  author={Liu, Wei and Chen, Chaofeng and Wong, Kwan-Yee K and Su, Zhizhong and Han, Junyu},
  booktitle={BMVC},
  volume={2},
  pages={7},
  year={2016}
}

@article{gao2017reading,
  title={Reading scene text with attention convolutional sequence modeling},
  author={Gao, Yunze and Chen, Yingying and Wang, Jinqiao and Lu, Hanqing},
  journal={arXiv preprint arXiv:1709.04303},
  year={2017}
}

@article{shi2016end,
  title={An end-to-end trainable neural network for image-based sequence recognition and its application to scene text recognition},
  author={Shi, Baoguang and Bai, Xiang and Yao, Cong},
  journal={IEEE transactions on pattern analysis and machine intelligence},
  volume={39},
  number={11},
  pages={2298--2304},
  year={2016},
  publisher={IEEE}
}

@article{yin2017scene,
  title={Scene text recognition with sliding convolutional character models},
  author={Yin, Fei and Wu, Yi-Chao and Zhang, Xu-Yao and Liu, Cheng-Lin},
  journal={arXiv preprint arXiv:1709.01727},
  year={2017}
}

@inproceedings{he2016dtrn,
  title={Reading scene text in deep convolutional sequences},
  author={He, Pan and Huang, Weilin and Qiao, Yu and Loy, Chen and Tang, Xiaoou},
  booktitle={Proceedings of the AAAI conference on artificial intelligence},
  volume={30},
  number={1},
  year={2016}
}

@article{bahdanau2014attention,
  title={Neural machine translation by jointly learning to align and translate},
  author={Bahdanau, Dzmitry and Cho, Kyunghyun and Bengio, Yoshua},
  journal={arXiv preprint arXiv:1409.0473},
  year={2014}
}

@article{shi2015convolutional,
  title={Convolutional LSTM network: A machine learning approach for precipitation nowcasting},
  author={Shi, Xingjian and Chen, Zhourong and Wang, Hao and Yeung, Dit-Yan and Wong, Wai-Kin and Woo, Wang-chun},
  journal={Advances in neural information processing systems},
  volume={28},
  year={2015}
}

@inproceedings{lee2016recursive,
  title={Recursive recurrent nets with attention modeling for ocr in the wild},
  author={Lee, Chen-Yu and Osindero, Simon},
  booktitle={Proceedings of the IEEE conference on computer vision and pattern recognition},
  pages={2231--2239},
  year={2016}
}

@inproceedings{cheng2017aspect,
  title={Aspect-level sentiment classification with heat (hierarchical attention) network},
  author={Cheng, Jiajun and Zhao, Shenglin and Zhang, Jiani and King, Irwin and Zhang, Xin and Wang, Hui},
  booktitle={Proceedings of the 2017 ACM on Conference on Information and Knowledge Management},
  pages={97--106},
  year={2017}
}

@inproceedings{bai2018edit,
  title={Edit probability for scene text recognition},
  author={Bai, Fan and Cheng, Zhanzhan and Niu, Yi and Pu, Shiliang and Zhou, Shuigeng},
  booktitle={proceedings of the IEEE conference on computer vision and pattern recognition},
  pages={1508--1516},
  year={2018}
}

@inproceedings{liu2018squeezedtext,
  title={Squeezedtext: A real-time scene text recognition by binary convolutional encoder-decoder network},
  author={Liu, Zichuan and Li, Yixing and Ren, Fengbo and Goh, Wang Ling and Yu, Hao},
  booktitle={Proceedings of the AAAI conference on artificial intelligence},
  volume={32},
  number={1},
  year={2018}
}

@inproceedings{wang2020all,
  title={All you need is boundary: Toward arbitrary-shaped text spotting},
  author={Wang, Hao and Lu, Pu and Zhang, Hui and Yang, Mingkun and Bai, Xiang and Xu, Yongchao and He, Mengchao and Wang, Yongpan and Liu, Wenyu},
  booktitle={Proceedings of the AAAI conference on artificial intelligence},
  volume={34},
  number={07},
  pages={12160--12167},
  year={2020}
}

@inproceedings{liao2019scene,
  title={Scene text recognition from two-dimensional perspective},
  author={Liao, Minghui and Zhang, Jian and Wan, Zhaoyi and Xie, Fengming and Liang, Jiajun and Lyu, Pengyuan and Yao, Cong and Bai, Xiang},
  booktitle={Proceedings of the AAAI conference on artificial intelligence},
  volume={33},
  number={01},
  pages={8714--8721},
  year={2019}
}

@article{jaderberg2016reading,
  title={Reading text in the wild with convolutional neural networks},
  author={Jaderberg, Max and Simonyan, Karen and Vedaldi, Andrea and Zisserman, Andrew},
  journal={International journal of computer vision},
  volume={116},
  pages={1--20},
  year={2016},
  publisher={Springer}
}

@article{bartz2017stn,
  title={STN-OCR: A single neural network for text detection and text recognition},
  author={Bartz, Christian and Yang, Haojin and Meinel, Christoph},
  journal={arXiv preprint arXiv:1707.08831},
  year={2017}
}

@inproceedings{li2017towards,
  title={Towards end-to-end text spotting with convolutional recurrent neural networks},
  author={Li, Hui and Wang, Peng and Shen, Chunhua},
  booktitle={Proceedings of the IEEE international conference on computer vision},
  pages={5238--5246},
  year={2017}
}

@inproceedings{busta2017deep,
  title={Deep textspotter: An end-to-end trainable scene text localization and recognition framework},
  author={Busta, Michal and Neumann, Lukas and Matas, Jiri},
  booktitle={Proceedings of the IEEE international conference on computer vision},
  pages={2204--2212},
  year={2017}
}

@inproceedings{he2018end,
  title={An end-to-end textspotter with explicit alignment and attention},
  author={He, Tong and Tian, Zhi and Huang, Weilin and Shen, Chunhua and Qiao, Yu and Sun, Changming},
  booktitle={Proceedings of the IEEE conference on computer vision and pattern recognition},
  pages={5020--5029},
  year={2018}
}

@inproceedings{lyu2018mask,
  title={Mask textspotter: An end-to-end trainable neural network for spotting text with arbitrary shapes},
  author={Lyu, Pengyuan and Liao, Minghui and Yao, Cong and Wu, Wenhao and Bai, Xiang},
  booktitle={Proceedings of the European conference on computer vision (ECCV)},
  pages={67--83},
  year={2018}
}

@inproceedings{qin2019towards,
  title={Towards unconstrained end-to-end text spotting},
  author={Qin, Siyang and Bissacco, Alessandro and Raptis, Michalis and Fujii, Yasuhisa and Xiao, Ying},
  booktitle={Proceedings of the IEEE/CVF international conference on computer vision},
  pages={4704--4714},
  year={2019}
}

@article{ren2015faster,
  title={Faster r-cnn: Towards real-time object detection with region proposal networks},
  author={Ren, Shaoqing and He, Kaiming and Girshick, Ross and Sun, Jian},
  journal={Advances in neural information processing systems},
  volume={28},
  year={2015}
}

@misc{redmon2016yolo9000,
  title={YOLO9000: Better, Faster, Stronger}, 
  author={Joseph Redmon and Ali Farhadi},
  year={2016},
  eprint={1612.08242},
  archivePrefix={arXiv},
  primaryClass={cs.CV}
}

@inproceedings{he2017mask,
  title={Mask r-cnn},
  author={He, Kaiming and Gkioxari, Georgia and Doll{\'a}r, Piotr and Girshick, Ross},
  booktitle={Proceedings of the IEEE international conference on computer vision},
  pages={2961--2969},
  year={2017}
}

@inproceedings{xing2019convolutional,
  title={Convolutional character networks},
  author={Xing, Linjie and Tian, Zhi and Huang, Weilin and Scott, Matthew R},
  booktitle={Proceedings of the IEEE/CVF international conference on computer vision},
  pages={9126--9136},
  year={2019}
}

@article{jaderberg2014synthetic,
  title={Synthetic data and artificial neural networks for natural scene text recognition},
  author={Jaderberg, Max and Simonyan, Karen and Vedaldi, Andrea and Zisserman, Andrew},
  journal={arXiv preprint arXiv:1406.2227},
  year={2014}
}

@inproceedings{gupta2016synthetic,
  title={Synthetic data for text localisation in natural images},
  author={Gupta, Ankush and Vedaldi, Andrea and Zisserman, Andrew},
  booktitle={Proceedings of the IEEE conference on computer vision and pattern recognition},
  pages={2315--2324},
  year={2016}
}

@inproceedings{zhan2018verisimilar,
  title={Verisimilar image synthesis for accurate detection and recognition of texts in scenes},
  author={Zhan, Fangneng and Lu, Shijian and Xue, Chuhui},
  booktitle={Proceedings of the European Conference on Computer Vision (ECCV)},
  pages={249--266},
  year={2018}
}

@article{liao2020synthtext3d,
  title={SynthText3D: synthesizing scene text images from 3D virtual worlds},
  author={Liao, Minghui and Song, Boyu and Long, Shangbang and He, Minghang and Yao, Cong and Bai, Xiang},
  journal={Science China Information Sciences},
  volume={63},
  pages={1--14},
  year={2020},
  publisher={Springer}
}

@article{long2020unrealtext,
  title={Unrealtext: Synthesizing realistic scene text images from the unreal world},
  author={Long, Shangbang and Yao, Cong},
  journal={arXiv preprint arXiv:2003.10608},
  year={2020}
}

@inproceedings{wu2019editing,
  title={Editing text in the wild},
  author={Wu, Liang and Zhang, Chengquan and Liu, Jiaming and Han, Junyu and Liu, Jingtuo and Ding, Errui and Bai, Xiang},
  booktitle={Proceedings of the 27th ACM international conference on multimedia},
  pages={1500--1508},
  year={2019}
}

@inproceedings{yang2020swaptext,
  title={Swaptext: Image based texts transfer in scenes},
  author={Yang, Qiangpeng and Huang, Jun and Lin, Wei},
  booktitle={Proceedings of the IEEE/CVF Conference on Computer Vision and Pattern Recognition},
  pages={14700--14709},
  year={2020}
}

@article{shi2018aster,
  title={Aster: An attentional scene text recognizer with flexible rectification},
  author={Shi, Baoguang and Yang, Mingkun and Wang, Xinggang and Lyu, Pengyuan and Yao, Cong and Bai, Xiang},
  journal={IEEE transactions on pattern analysis and machine intelligence},
  volume={41},
  number={9},
  pages={2035--2048},
  year={2018},
  publisher={IEEE}
}

@misc{he2015resnet,
      title={Deep Residual Learning for Image Recognition}, 
      author={Kaiming He and Xiangyu Zhang and Shaoqing Ren and Jian Sun},
      year={2015},
      eprint={1512.03385},
      archivePrefix={arXiv},
      primaryClass={cs.CV}
}

@inproceedings{lin2014coco,
  title={Microsoft coco: Common objects in context},
  author={Lin, Tsung-Yi and Maire, Michael and Belongie, Serge and Hays, James and Perona, Pietro and Ramanan, Deva and Doll{\'a}r, Piotr and Zitnick, C Lawrence},
  booktitle={Computer Vision--ECCV 2014: 13th European Conference, Zurich, Switzerland, September 6-12, 2014, Proceedings, Part V 13},
  pages={740--755},
  year={2014},
  organization={Springer}
}

@misc{charlist,
  title = {Chinese Text Computing},
  howpublished = {\url{https://lingua.mtsu.edu/chinese-computing/statistics/}},
  note = {Accessed: 2024-05-03},
}

@misc{wordlist,
  title = {Chinese Word Vectors},
  howpublished = {\url{https://github.com/Embedding/Chinese-Word-Vectors}},
  note = {Accessed: 2024-08-03},
}

@misc{paszke2019pytorch,
      title={PyTorch: An Imperative Style, High-Performance Deep Learning Library}, 
      author={Adam Paszke and Sam Gross and Francisco Massa and Adam Lerer and James Bradbury and Gregory Chanan and Trevor Killeen and Zeming Lin and Natalia Gimelshein and Luca Antiga and Alban Desmaison and Andreas Köpf and Edward Yang and Zach DeVito and Martin Raison and Alykhan Tejani and Sasank Chilamkurthy and Benoit Steiner and Lu Fang and Junjie Bai and Soumith Chintala},
      year={2019},
      eprint={1912.01703},
      archivePrefix={arXiv},
      primaryClass={cs.LG},
      url={https://arxiv.org/abs/1912.01703}, 
}

@misc{li2021benchmark,
      title={Benchmarking Detection Transfer Learning with Vision Transformers}, 
      author={Yanghao Li and Saining Xie and Xinlei Chen and Piotr Dollar and Kaiming He and Ross Girshick},
      year={2021},
      eprint={2111.11429},
      archivePrefix={arXiv},
      primaryClass={cs.CV},
      url={https://arxiv.org/abs/2111.11429}, 
}

@article{crossentropyloss,
  ISSN = {00359246},
  URL = {http://www.jstor.org/stable/2984087},
  abstract = {This paper deals first with the relationship between the theory of probability and the theory of rational behaviour. A method is then suggested for encouraging people to make accurate probability estimates, a connection with the theory of information being mentioned. Finally Wald's theory of statistical decision functions is summarised and generalised and its relation to the theory of rational behaviour is discussed.},
  author = {I. J. Good},
  journal = {Journal of the Royal Statistical Society. Series B (Methodological)},
  number = {1},
  pages = {107--114},
  publisher = {[Royal Statistical Society, Wiley]},
  title = {Rational Decisions},
  urldate = {2024-08-16},
  volume = {14},
  year = {1952}
}

@INPROCEEDINGS{smoothl1loss,
  author={Liu, Chao and Yu, Shuai and Yu, Min and Wei, Baole and Li, Boquan and Li, Gang and Huang, Weiqing},
  booktitle={2021 IEEE Symposium on Computers and Communications (ISCC)}, 
  title={Adaptive Smooth L1 Loss: A Better Way to Regress Scene Texts with Extreme Aspect Ratios}, 
  year={2021},
  volume={},
  number={},
  pages={1-7},
  keywords={Training;Computers;Adaptation models;Limiting;Costs;Computational modeling;Detectors;scene text detection;bounding box regression;smooth L1 loss},
  doi={10.1109/ISCC53001.2021.9631466}
}

@inproceedings{ctcloss,
  author = {Graves, Alex and Fernández, Santiago and Gomez, Faustino and Schmidhuber, Jürgen},
  year = {2006},
  month = {01},
  pages = {369-376},
  title = {Connectionist temporal classification: Labelling unsegmented sequence data with recurrent neural 'networks},
  volume = {2006},
  journal = {ICML 2006 - Proceedings of the 23rd International Conference on Machine Learning},
  doi = {10.1145/1143844.1143891}
}

@misc{icons50,
      title={Benchmarking Neural Network Robustness to Common Corruptions and Surface Variations}, 
      author={Dan Hendrycks and Thomas G. Dietterich},
      year={2019},
      eprint={1807.01697},
      archivePrefix={arXiv},
      primaryClass={cs.LG},
      url={https://arxiv.org/abs/1807.01697}, 
}

@misc{adamoptimizer,
      title={Adam: A Method for Stochastic Optimization}, 
      author={Diederik P. Kingma and Jimmy Ba},
      year={2017},
      eprint={1412.6980},
      archivePrefix={arXiv},
      primaryClass={cs.LG},
      url={https://arxiv.org/abs/1412.6980}, 
}

@Inbook{map,
  author="Beitzel, Steven M.
  and Jensen, Eric C.
  and Frieder, Ophir",
  editor="LIU, LING
  and {\"O}ZSU, M. TAMER",
  title="MAP",
  bookTitle="Encyclopedia of Database Systems",
  year="2009",
  publisher="Springer US",
  address="Boston, MA",
  pages="1691--1692",
  isbn="978-0-387-39940-9",
  doi="10.1007/978-0-387-39940-9_492",
  url="https://doi.org/10.1007/978-0-387-39940-9_492"
}